
@misc {
	web:arduino,
	author = {Arduino},
	title = {Arduino Homepage},
	month = {Oktober},
	year = {2012},
	url = {http://www.arduino.cc/}"
}

@misc {
	web:atmel,
	author = {Atmel},
	title = {Atmel Homepage},
	month = {Oktober},
	year = {2012},
	url = {http://www.atmel.com/}"
}



@misc {
	img:possiblePosition,
	author = {Arne Nordmann},
	title = {Probabilistic Robot Pose},
	month = {November},
	year = {2009
},
	url = {http://de.wikipedia.org/w/index.php?title=Datei:Probabilistic_robot_pose.svg&page=1&filetimestamp=20091101213819}"
}
@misc {
	img:precisionDarts,
	author = {Hans Lohninger},
	title = {Precision Darts},
	month = {November},
	year = {2012},
	url = {http://www.statistics4u.info/fundstat_germ/ee_precision_accuracy.html}"
}


@manual {
	manual:atmega2560,
	author = {Atmel},
	title = {8-bit Atmel Microcontroller with 64K/128K/256K Bytes in-Syste Programmable Flash},
	month = {Oktober},
	year = {2010},
	url = "{http://www.atmel.com/}",
	url = "{http://www.atmel.com/Images/doc2549.pdf}"
}
