
@misc {
	web:arduino,
	author = {Arduino},
	title = {Arduino Homepage},
	month = {Oktober},
	year = {2012},
	url = "{http://www.arduino.cc/}"

}

@misc {
	web:atmel,
	author = {Atmel},
	title = {Atmel Homepage},
	month = {Oktober},
	year = {2012},
	url = "{http://www.atmel.com/}"

}
@manual {
	manual:atmega2560,
	author = {Atmel},
	title = {8-bit Atmel Microcontroller with 64K/128K/256K Bytes in-Syste Programmable Flash},
	month = {Oktober},
	year = {2010},
	url = "{http://www.atmel.com/}",
	url = "{http://www.atmel.com/Images/doc2549.pdf}"
}